@book{book:LearningLibGDX,
   title =     {Learning LibGDX Game Development},
   author =    {Suryakumar Balakrishnan Nair, Andreas Oehlke},
   publisher = {Packt Publishing},
   isbn =      {1783554770,9781783554775},
   year =      {2014},
   series =    {},
   edition =   {2},
   volume =    {}
}
